@inproceedings{Giegerich1995,
	author = {Robert Giegerich and Stefan Kurtz},
	title = {A comparison of imperative and purely functional suffix tree constructions},
	booktitle = {Selected papers of ESOP '94, the 5th European symposium on Programming},
	year = {1995},
	location = {Edinburgh, United Kingdom},
	pages = {187--218},
	numpages = {32},
	url = {http://dl.acm.org/citation.cfm?id=222610.222614},
	acmid = {222614},
	publisher = {Elsevier Science Publishers B. V.},
}

@inproceedings{Ukkonen1995,
    author = {Esko Ukkonen},
    title = {On-Line Construction of Suffix Trees},
    booktitle = {},
    year = {1995}
}

@article{Larsson2007,
	author = {N. Jesper Larsson and Kunihiko Sadakane},
	title = {Faster suffix sorting},
	journal = {Theor. Comput. Sci.},
	issue_date = {November, 2007},
	volume = {387},
	number = {3},
	month = nov,
	year = {2007},
	issn = {0304-3975},
	pages = {258--272},
	numpages = {15},
	url = {http://dx.doi.org/10.1016/j.tcs.2007.07.017},
	doi = {10.1016/j.tcs.2007.07.017},
	acmid = {1314853},
	publisher = {Elsevier Science Publishers Ltd.},
	address = {Essex, UK},
	keywords = {Burrows--Wheeler Transform, Suffix arrays},
}

@inproceedings{Giegerich1999,
	author = {Robert Giegerich and Stefan Kurtz and Jens Stoye},
	title = {Efficient Implementation of Lazy Suffix Trees},
	booktitle = {Proceedings of the 3rd International Workshop on Algorithm Engineering},
	series = {WAE '99},
	year = {1999},
	isbn = {3-540-66427-0},
	pages = {30--42},
	numpages = {13},
	url = {http://dl.acm.org/citation.cfm?id=647256.720621},
	acmid = {720621},
	publisher = {Springer-Verlag},
	address = {London, UK},
}

@inproceedings{Karkkainen2003,
    author = {Juha K\"arkk\"ainen and Peter Sanders and Stefan Burkhardt},
    title = {Simple linear work suffix array construction},
    booktitle = {},
    year = {2003},
    pages = {943--955},
    publisher = {Springer}
}

@article{Karkkainen2006,
	author = {Juha K\"arkk\"ainen and Peter Sanders and Stefan Burkhardt},
	title = {Linear work suffix array construction},
	journal = {J. ACM},
	volume = {53},
	issue = {6},
	month = {November},
	year = {2006},
	issn = {0004-5411},
	pages = {918--936},
	numpages = {19},
	url = {http://doi.acm.org/10.1145/1217856.1217858},
	doi = {http://doi.acm.org/10.1145/1217856.1217858},
	acmid = {1217858},
	publisher = {ACM},
	address = {New York, NY, USA},
	keywords = {Difference cover, external memory algorithms, suffix array},
}

@article{Dementiev2008,
	author = {Roman Dementiev and Juha K\"arkk\"ainen and Jens Mehnert and Peter Sanders},
	title = {Better external memory suffix array construction},
	journal = {J. Exp. Algorithmics},
	volume = {12},
	month = {August},
	year = {2008},
	issn = {1084-6654},
	pages = {3.4:1--3.4:24},
	articleno = {3.4},
	numpages = {24},
	url = {http://doi.acm.org/10.1145/1227161.1402296},
	doi = {http://doi.acm.org/10.1145/1227161.1402296},
	acmid = {1402296},
	publisher = {ACM},
	address = {New York, NY, USA},
	keywords = {Algorithm engineering, I/O-efficient, algorithms for strings,external memory, large data sets, secondary memory, suffix array}
}

@book{Gusfield1997,
	author = {Dan Gusfield},
	title = {Algorithms on strings, trees, and sequences: computer science and computational biology},
	year = {1997},
	isbn = {0-521-58519-8},
	publisher = {Cambridge University Press},
	address = {New York, NY, USA},
}

@article{Abouelhoda2004,
	author = {Mohamed Ibrahim Abouelhoda and Stefan Kurtz and Enno Ohlebusch},
	title = {Replacing suffix trees with enhanced suffix arrays},
	journal = {J. of Discrete Algorithms},
	issue_date = {March 2004},
	volume = {2},
	number = {1},
	month = mar,
	year = {2004},
	issn = {1570-8667},
	pages = {53--86},
	numpages = {34},
	url = {http://dx.doi.org/10.1016/S1570-8667(03)00065-0},
	doi = {10.1016/S1570-8667(03)00065-0},
	acmid = {985389},
	publisher = {Elsevier Science Publishers B. V.},
	address = {Amsterdam, The Netherlands, The Netherlands},
	keywords = {genome comparison, pattern matching, repeat analysis, suffix array, suffix tree}
}